<record><leader>00000cas a2200000 a 4500</leader><controlfield tag="001">37137647</controlfield><controlfield tag="008">970617d19uu1958oruwr ne      0    0eng c</controlfield><datafield ind1=" " ind2=" " tag="010"><subfield code="a">sn 96088404 </subfield></datafield><datafield ind1=" " ind2=" " tag="040"><subfield code="a">OCN</subfield><subfield code="b">eng</subfield><subfield code="c">OCN</subfield><subfield code="d">OCLCQ</subfield><subfield code="d">ORU</subfield><subfield code="d">OCLCQ</subfield><subfield code="d">OCLCF</subfield><subfield code="d">OCLCO</subfield></datafield><datafield ind1="1" ind2=" " tag="029"><subfield code="a">AU@</subfield><subfield code="b">000013334147</subfield></datafield><datafield ind1=" " ind2=" " tag="042"><subfield code="a">pcc</subfield></datafield><datafield ind1=" " ind2=" " tag="043"><subfield code="a">n-us-or</subfield></datafield><datafield ind1="0" ind2="0" tag="245"><subfield code="a">Myrtle Creek mail.</subfield></datafield><datafield ind1=" " ind2=" " tag="260"><subfield code="a">Myrtle Creek, Douglas County, Or. :</subfield><subfield code="b">C.W. Rice,</subfield><subfield code="c">-1958.</subfield></datafield><datafield ind1=" " ind2=" " tag="300"><subfield code="a">v.</subfield></datafield><datafield ind1=" " ind2=" " tag="310"><subfield code="a">Weekly</subfield></datafield><datafield ind1="0" ind2=" " tag="362"><subfield code="a">-v. 53, no. 29 (Nov. 13, 1958).</subfield></datafield><datafield ind1=" " ind2=" " tag="515"><subfield code="a">Suspended with Sept. 3, 1942 issue; resumed with Dec. 13, 1945 issue.</subfield></datafield><datafield ind1=" " ind2=" " tag="530"><subfield code="a">Also issued on microfilm from University of Oregon.</subfield></datafield><datafield ind1=" " ind2=" " tag="588"><subfield code="a">Description based on: Vol. 14, no. 23 (Aug. 18, 1916).</subfield></datafield><datafield ind1=" " ind2="0" tag="651"><subfield code="a">Myrtle Creek (Or.)</subfield><subfield code="v">Newspapers.</subfield></datafield><datafield ind1=" " ind2="0" tag="651"><subfield code="a">Riddle (Or.)</subfield><subfield code="v">Newspapers.</subfield></datafield><datafield ind1=" " ind2="0" tag="651"><subfield code="a">Canyonville (Or.)</subfield><subfield code="v">Newspapers.</subfield></datafield><datafield ind1=" " ind2="7" tag="655"><subfield code="a">Newspapers.</subfield><subfield code="2">fast</subfield><subfield code="0">(OCoLC)fst01423814</subfield></datafield><datafield ind1=" " ind2="7" tag="651"><subfield code="a">Oregon</subfield><subfield code="z">Canyonville.</subfield><subfield code="2">fast</subfield><subfield code="0">(OCoLC)fst01263640</subfield></datafield><datafield ind1=" " ind2="7" tag="651"><subfield code="a">Oregon</subfield><subfield code="z">Myrtle Creek.</subfield><subfield code="2">fast</subfield><subfield code="0">(OCoLC)fst01228053</subfield></datafield><datafield ind1=" " ind2="7" tag="651"><subfield code="a">Oregon</subfield><subfield code="z">Riddle.</subfield><subfield code="2">fast</subfield><subfield code="0">(OCoLC)fst01280766</subfield></datafield><datafield ind1=" " ind2=" " tag="752"><subfield code="a">United States</subfield><subfield code="b">Oregon</subfield><subfield code="c">Douglas</subfield><subfield code="d">Myrtle Creek.</subfield></datafield><datafield ind1="0" ind2="5" tag="780"><subfield code="t">South Umpqua news</subfield><subfield code="w">(DLC)sn 96088405</subfield><subfield code="w">(OCoLC)37137679</subfield></datafield><datafield ind1="0" ind2="0" tag="785"><subfield code="t">Mail (Myrtle Creek, Or.)</subfield><subfield code="w">(DLC)sn 96088402</subfield><subfield code="w">(OCoLC)37137607</subfield></datafield></record>